@Manual{Yihui20131,
  title = {knitr: A general-purpose package for dynamic report generation in R},
  author = {Yihui Xie},
  year = {2013},
  note = {R package version 1.2},
  url = {http://yihui.name/knitr/},
  numeral = {1},
}
@Book{Yihui20132,
  title = {Dynamic Documents with {R} and knitr},
  author = {Yihui Xie},
  publisher = {Chapman and Hall/CRC},
  year = {2013},
  note = {ISBN 978-1482203530},
  url = {http://yihui.name/knitr/},
  numeral = {1},
}
@InCollection{Yihui20133,
  booktitle = {Implementing Reproducible Computational Research},
  editor = {Victoria Stodden and Friedrich Leisch and Roger D. Peng},
  title = {knitr: A Comprehensive Tool for Reproducible Research in {R}},
  author = {Yihui Xie},
  publisher = {Chapman and Hall/CRC},
  year = {2013},
  note = {ISBN 978-1466561595},
  url = {http://www.crcpress.com/product/isbn/9781466561595},
  numeral = {1},
}
