@article{arslan2011,
  title = {Workshops Without Walls: Broadening Access to Science Around The World},
  author = {Betül K. Arslan and Eric S. Boyd and Wendy W. Dolci and K. Estelle Dodson and Marco S. Boldt and Carl B. Pilcher},
  journal = {Plos Biology},
  year = {2011},
  month = {8},
  volume = {9}
}

@article{allen2013,
  author = {Allen, Liz},
  title = {Providing context to Article-Level Metrics},
  journal = {\url{http://www.plosone.org/article/metrics/info:doi/10.1371/journal.pone.0007595}},
  date = {(Accessed on May 23 2013)}
}

@article{alberts2013,
  author = {Alberts, Bruce}, 
  title = {Impact Factor Distortions},
  volume = {340}, 
  number = {6134}, 
  pages = {787}, 
  year = {2013}, 
  doi = {10.1126/science.1240319}, 
  URL = {http://www.sciencemag.org/content/340/6134/787.short}, 
  eprint = {http://www.sciencemag.org/content/340/6134/787.full.pdf}, 
  journal = {Science} 
}

@article{borer2009,
  title={Some simple guidelines for effective data management},
  author={Borer, Elizabeth T and Seabloom, Eric W and Jones, Matthew B and Schildhauer, Mark},
  journal={Bulletin of the Ecological Society of America},
  volume={90},
  number={2},
  pages={205--214},
  year={2009},
  publisher={Eco Soc America}
}

@inproceedings{brunt2002,
  title={The future of ecoinformatics in long term ecological research},
  author={Brunt, James W and McCartney, Peter and Baker, Karen and Stafford, Susan G},
  booktitle={Proceedings of the 6th World Multiconference on Systemics, Cybernetics and Informatics: SCI},
  pages={14--18},
  year={2002}
}

@book{fienberg1985,
  title={Sharing research data},
  author={Fienberg, Stephen E and Martin, Margaret E},
  year={1985},
  publisher={Natl Academy Pr}
}

@article{fraser1999,
  title={Usability of Geospatial Metadata or Space-Time Matters},
  author={Fraser, Bruce and Gluck, Myke},
  journal={Bulletin of the American Society for Information Science and Technology},
  volume={25},
  number={6},
  pages={24--28},
  year={1999},
  publisher={Wiley Online Library}
}

@article{jones2006,
  title={The new bioinformatics: integrating ecological data from the gene to the biosphere},
  author={Jones, Matthew B and Schildhauer, Mark P and Reichman, OJ and Bowers, Shawn},
  journal={Annual Review of Ecology, Evolution, and Systematics},
  pages={519--544},
  year={2006},
  publisher={JSTOR}
}

@article{hampton2012,
  title={Ecological data in the Information Age},
  author={Hampton, Stephanie E and Tewksbury, Joshua J and Strasser, Carly A},
  journal={Frontiers in Ecology and the Environment},
  volume={10},
  number={2},
  pages={59--59},
  year={2012},
  publisher={Eco Soc America}
}

@article{hampton2013,
  author = {Hampton, Stephanie E and Strasser, Carly A and Tewksbury, Joshua J and Gram, Wendy K and Budden, Amber E and Batcheller, Archer L and Duke, Clifford S and Porter, John H},
  doi = {10.1890/120103},
  issn = {1540-9295},
  journal = {Frontiers in Ecology and the Environment},
  language = {EN},
  publisher = {Ecological Society of America},
  title = {Big data and the future of ecology},
  url = {http://www.esajournals.org.dist.lib.usu.edu/doi/abs/10.1890/120103},
  year = {2013}
}

@article {kowalczyk2011,
  author = {Kowalczyk, Stacy and Shankar, Kalpana},
  title = {Data sharing in the sciences},
  journal = {Annual Review of Information Science and Technology},
  volume = {45},
  number = {1},
  publisher = {Wiley Subscription Services, Inc., A Wiley Company},
  issn = {1550-8382},
  url = {http://dx.doi.org/10.1002/aris.2011.1440450113},
  doi = {10.1002/aris.2011.1440450113},
  pages = {247--294},
  year = {2011},
}

@article{lampe1998,
  title={Data capture from the sponsors' and investigators' perspectives: Balancing quality, speed, and cost},
  author={Lampe, AJ and Weiler, JM},
  journal={Drug information journal},
  volume={32},
  number={4},
  pages={871--886},
  year={1998},
  publisher={Drug Information Association}
}

@article{michener1997,
  title={Nongeospatial metadata for the ecological sciences},
  author={Michener, William K and Brunt, James W and Helly, John J and Kirchner, Thomas B and Stafford, Susan G},
  journal={Ecological Applications},
  volume={7},
  number={1},
  pages={330--342},
  year={1997},
  publisher={Eco Soc America}
}

@book{michener2009,
  title={Ecological data: Design, management and processing},
  author={Michener, William K and Brunt, James W},
  year={2009},
  publisher={Wiley-Blackwell}
}

@article{palmer2004,
  title={Ecological Science and Sustainability for a Crowded Planet},
  author={Palmer, Margaret A. and Bernhardt, Emily S. and Chornesky, Elizabeth A. and Collins, Scott L. and Dobson, Andrew P. and Duke, Clifford S. and Gold, Barry D. and Jacobson, Robert and Kingsland, Sharon and Kranz, Rhonda and Mappin, Michael J. and Martinez, M. Luisa and Micheli, Fiorenza and Morse, Jennifer L. and Pace, Michael L. and Pascual, Mercedes and Palumbi, Stephen and Reichman, O.J. and Townsend, Alan and Turner, Monica G.},
  year={2004},
  url={http://www.esa.org/ecovisions/ppfiles/EcologicalVisionsReport.pdf}
}

@article{parr2005,
  title={Data sharing in ecology and evolution},
  author={Parr, Cynthia S and Cummings, Michael P},
  journal={Trends in Ecology and Evolution},
  volume={20},
  number={7},
  pages={362--362},
  year={2005},
  publisher={Amsterdam [Netherlands]: Elsevier Science Publishers BV [(Biomedical Division)], c1986-}
}

@article{paulsen2012,
  title={Quality of Data Entry Using Single Entry, Double Entry and Automated Forms Processing--An Example Based on a Study of Patient-Reported Outcomes},
  author={Paulsen, Aksel and Overgaard, S{\o}ren and Lauritsen, Jens Martin},
  journal={PloS one},
  volume={7},
  number={4},
  pages={e35087},
  year={2012},
  publisher={Public Library of Science}
}

@article{piwowar2007,
  title={Sharing detailed research data is associated with increased citation rate},
  author={Piwowar, Heather A and Day, Roger S and Fridsma, Douglas B},
  journal={PLoS One},
  volume={2},
  number={3},
  pages={e308},
  year={2007},
  publisher={Public Library of Science}
}

@inproceedings{piwowar2008,
  title={A review of journal policies for sharing research data},
  author={Piwowar, Heather A and Chapman, Wendy W},
  booktitle={ELPUB2008},
  year={2008}
}

@Article{piwowar2011,
  title = {Who Shares? Who Doesn'T? Factors Associated With Openly Archiving Raw Research Data},
  author = {Heather A. Piwowar and Cameron Neylon},
  journal = {Plos One},
  year = {2011},
  month = {7},
  volume = {6},
  doi = {10.1371/journal.pone.0018657},
}

@article{piwowar2013,
  title={Data reuse and the open data citation advantage},
  author={Piwowar, Heather A and Vision, Todd J},
  journal={PeerJ PrePrints},
  volume={1},
  pages={e1},
  url={http://dx.doi.org/10.7287/peerj.preprints.1}
}

@article{piwowar2013power,
  title={The power of altmetrics on a CV},
  author={Piwowar, Heather and Priem, Jason},
  journal={Bulletin of the American Society for Information Science and Technology},
  volume={39},
  number={4},
  pages={10--13},
  year={2013},
  publisher={Wiley Online Library}
}

@article{poisot2013,
  title={Moving toward a sustainable ecological science: don't let data go to waste!},
  author={Poisot, Timothée and Mounce, Ross and Gravel, Dominique},
  year={2013},
  url={https://github.com/tpoisot/DataSharingPaper/blob/master/DataSharing-MS.md}
}

@article{reichman2011,
  title={Challenges and opportunities of open data in ecology},
  author={Reichman, OJ and Jones, Matthew B and Schildhauer, Mark P},
  journal={Science(Washington)},
  volume={331},
  number={6018},
  pages={703--705},
  year={2011},
  publisher={American Association for the Advancement of Science, 1200 New York Avenue, NW Washington DC 20005 USA}
}

@article{schofield2009,
  title={Post-publication sharing of data and tools},
  author={Schofield, Paul N and Bubela, Tania and Weaver, Thomas and Portilla, Lili and Brown, Stephen D and Hancock, John M and Einhorn, David and Tocchini-Valentini, Glauco and de Angelis, Martin Hrabe and Rosenthal, Nadia},
  journal={Nature},
  volume={461},
  number={7261},
  pages={171--173},
  year={2009},
  publisher={Nature Publishing Group}
}

@inproceedings{strasser2011,
  title={Promoting Data Stewardship Through Best Practices},
  author={Strasser, Carly A and Cook, Robert B and Michener, William K and Budden, Amber and Koskela, Rebecca},
  booktitle={Proceedings of the Environmental Information Management Conference 2011 (EIM 2011)},
  year={2011},
  organization={Oak Ridge National Laboratory (ORNL)}
}

@article{strasser2012,
  title={Primer on Data Management: What you always wanted to know},
  author={Strasser, Carly A and Cook, Robert and Michener, William K and Budden, Amber},
  year={2012},
  doi={10.5060/D2251G48},
  url={http://dx.doi.org/doi:10.5060/D2251G48}
}


@article{whitlock2010,
  title={Data archiving},
  author={Whitlock, Michael C and McPeek, Mark A and Rausher, Mark D and Rieseberg, Loren and Moore, Allen J},
  journal={The American Naturalist},
  volume={175},
  number={2},
  pages={145--146},
  year={2010},
  publisher={JSTOR}
}

@article{whitlock2011,
  title={Data archiving in ecology and evolution: best practices},
  author={Whitlock, Michael C},
  journal={Trends in ecology \& evolution},
  volume={26},
  number={2},
  pages={61--65},
  year={2011},
  publisher={Elsevier}
}

@article{wickham2007,
  author = {Wickham, Hadley},
  journal = {Journal of Statistical Software},
  number = {12},
  title = {Reshaping data with the reshape package},
  url = {http://www.jstatsoft.org/v21/i12/paper},
  volume = {21},
  year = {2007}
}

@article{wieczorek2012,
  title={Darwin Core: An evolving community-developed biodiversity data standard},
  author={Wieczorek, John and Bloom, David and Guralnick, Robert and Blum, Stan and D{\"o}ring, Markus and Giovanni, Renato and Robertson, Tim and Vieglais, David},
  journal={PloS one},
  volume={7},
  number={1},
  pages={e29715},
  year={2012},
  publisher={Public Library of Science}
}

@phdthesis{zimmerman2003,
  title={Data sharing and secondary use of scientific data: Experiences of ecologists},
  author={Zimmerman, Ann S},
  year={2003},
  school={The University of Michigan}
}

@article{zimmerman2007,
  title={Not by metadata alone: the use of diverse forms of knowledge to locate data for reuse},
  author={Zimmerman, Ann S},
  journal={International Journal on Digital Libraries},
  volume={7},
  number={1-2},
  pages={5--16},
  year={2007},
  publisher={Springer}
}

@Book{Yihui2013,
  title = {Dynamic Documents with {R} and knitr},
  author = {Yihui Xie},
  publisher = {Chapman and Hall/CRC},
  year = {2013},
  note = {ISBN 978-1482203530},
  url = {http://yihui.name/knitr/},
  numeral = {1},
}

@article{rossner2007show,
  title={Show me the data},
  author={Rossner, Mike and Van Epps, Heather and Hill, Emma},
  journal={The Journal of cell biology},
  volume={179},
  number={6},
  pages={1091--1092},
  year={2007},
  publisher={Rockefeller Univ Press}
}

@article{ploseditorial,
    author = {The PLoS Medicine Editors},
    journal = {PLoS Med},
    publisher = {Public Library of Science},
    title = {The Impact Factor Game},
    year = {2006},
    month = {06},
    volume = {3},
    url = {http://dx.doi.org/10.1371%2Fjournal.pmed.0030291},
    pages = {e291},
    number = {6},
    doi = {10.1371/journal.pmed.0030291}
}        

@article{arnold2011,
  title={Nefarious numbers},
  author={Arnold, Douglas N and Fowler, Kristine K},
  journal={Notices of the AMS},
  volume={58},
  number={3},
  pages={434--437},
  year={2011}
}

@article{yan2011,
  title={The spread of scientific information: insights from the Web usage statistics in PLoS article-level metrics},
  author={Yan, Koon-Kiu and Gerstein, Mark},
  journal={PloS one},
  volume={6},
  number={5},
  pages={e19917},
  year={2011},
  publisher={Public Library of Science}
}

@article{bollen2009,
  title={A principal component analysis of 39 scientific impact measures},
  author={Bollen, Johan and Van de Sompel, Herbert and Hagberg, Aric and Chute, Ryan},
  journal={PloS one},
  volume={4},
  number={6},
  pages={e6022},
  year={2009},
  publisher={Public Library of Science}
}

@article{darling2013,
 title = {The role of Twitter in the life cycle of a scientific publication},
 author = {Darling, Emily S and Shiffman, David and Côté, Isabelle M. and Drew, Joshua A},
 year = {2013},
 month = {5},
 keywords = {altmetrics, tweets, social media, scientific publishing},
 abstract = {Twitter is a micro-blogging social media platform for short messages that can have a long-term impact on how scientists create and publish ideas. We investigate the usefulness of twitter in the development and distribution of scientific knowledge. At the start of the 'life cycle' of a scientific publication, twitter provides a large virtual department of colleagues that can help to rapidly generate, share and refine new ideas. As ideas become manuscripts, twitter can be used as an informal arena for the pre-review of works in progress. Finally, tweeting published findings can communicate research to a broad audience of other researchers, decision makers, journalists and the general public that can amplify the scientific and social impact of publications. However, there are limitations, largely surrounding issues of intellectual property and ownership, inclusiveness and misrepresentations of science ‘sound bites’. Nevertheless, we believe twitter is a useful social media tool that can provide a valuable contribution to scientific publishing in the 21st century.},
 volume = {1},
 pages = {e16v1},
 journal = {PeerJ PrePrints},
 issn = {2167-9843},
 url = {http://dx.doi.org/10.7287/peerj.preprints.16v1},
 doi = {10.7287/peerj.preprints.16v1}
}

@misc{priem2012,
 title = {Altmetrics: A Manifesto},
 author = {Priem, J and Taraborelli, D. and Groth, P. and Neylon, C.},
 year = {2012},
 month = {1},
 url = {http://altmetrics.org/manifesto/}
}

@misc{figshare,
 title = {Figshare API libraries},
 journal = {\url{http://api.figshare.com/docs/index.html}},
 date = {(Accessed on May 23 2013)}
}

@article{twitter,
 title = {Twitter API libraries},
 journal = {\url{https://dev.twitter.com/docs/twitter-libraries}},
 date = {(Accessed on May 23 2013)}
}

@article{wiley,
 title = {Wiley altmetrics},
 journal = {\url{http://onlinelibrary.wiley.com/doi/10.1111/2041-210X.12069/abstract}},
 date = {(Accessed on May 23 2013)}
}

@article{nature,
 title = {Nature magazine altmetrics},
 journal = {\url{http://www.nature.com/nature/journal/v497/n7450/nature12188/metrics}},
 date = {(Accessed on May 23 2013)}
}

@article{plos,
 title = {Public Library of Science (PLoS) altmetrics},
 journal = {\url{http://www.plosone.org/article/metrics/info:doi/10.1371/journal.pone.0064133}},
 date = {(Accessed on May 23 2013)}
}

@article{frontiers,
 title = {Frontiers publishing altmetrics},
 journal = {\url{http://www.frontiersin.org/Journal/AbstractImpact.aspx?s=1187&name=Statistical_Genetics_and_Methodology&ART_DOI=10.3389/fgene.2013.00086&type=1}},
 date = {(Accessed on May 23 2013)}
}

@article{bmcentral,
 title = {BiomedCentral altmetrics},
 journal = {\url{http://www.altmetric.com/details.php?citation_id=704519}},
 date = {(Accessed on May 23 2013)}
}

@article{citedin,
 title = {CitedIn},
 journal = {\url{http://citedin.org/}},
 date = {(Accessed on May 23 2013)}
}

@article{sciencecard,
 title = {ScienceCard},
 journal = {\url{http://sciencecard.org/}},
 date = {(Accessed on May 23 2013)}
}

@Article{eysenbach2011,
  title = {Can Tweets Predict Citations? Metrics of Social Impact Based on Twitter And Correlation With Traditional Metrics of Scientific Impact},
  author = {Gunther Eysenbach},
  journal = {Journal of Medical Internet Research},
  year = {2011},
  month = {12},
  volume = {13},
  doi = {10.2196/jmir.2012},
}

@Article{attwood2012,
  title = {Glass Shape Influences Consumption Rate For Alcoholic Beverages},
  author = {Angela S. Attwood and Nicholas E. Scott-Samuel and George Stothart and Marcus R. Munafò and Jerson Laks},
  journal = {Plos One},
  year = {2012},
  month = {8},
  volume = {7},
  doi = {10.1371/journal.pone.0043007},
}

@article{garfield1955,
  author = {Garfield, Eugene}, 
  title = {Citation Indexes for Science: A New Dimension in Documentation through Association of Ideas},
  volume = {122}, 
  number = {3159}, 
  pages = {108-111}, 
  year = {1955}, 
  doi = {10.1126/science.122.3159.108}, 
  URL = {http://www.sciencemag.org/content/122/3159/108.short}, 
  eprint = {http://www.sciencemag.org/content/122/3159/108.full.pdf}, 
  journal = {Science} 
}

@article{garfield2006,
  title={The history and meaning of the journal impact factor},
  author={Garfield, Eugene},
  journal={JAMA: the journal of the American Medical Association},
  volume={295},
  number={1},
  pages={90--93},
  year={2006},
  publisher={Am Med Assoc}
}

@article{monastersky2005,
  title={The Number That$\backslash$'s Devouring Science},
  author={Monastersky, Richard},
  journal={The Chronicle},
  year={2005}
}

@article{rossner2007,
  author = {Rossner, Mike and Van Epps, Heather and Hill, Emma}, 
  title = {Show me the data},
  volume = {179}, 
  number = {6}, 
  pages = {1091-1092}, 
  year = {2007}, 
  doi = {10.1083/jcb.200711140}, 
  URL = {http://jcb.rupress.org/content/179/6/1091.short}, 
  eprint = {http://jcb.rupress.org/content/179/6/1091.full.pdf+html}, 
  journal = {The Journal of Cell Biology} 
}

@Article{thelwall2013,
  title = {do Altmetrics Work? Twitter And Ten Other Social Web Services},
  author = {Mike Thelwall and Stefanie Haustein and Vincent Larivière and Cassidy R. Sugimoto and Lutz Bornmann},
  journal = {Plos One},
  year = {2013},
  month = {5},
  volume = {8},
  doi = {10.1371/journal.pone.0064841},
}